<record><leader>00000cas a22000007a 4500</leader><controlfield tag="001">12566183</controlfield><controlfield tag="008">850917d18241825nyuwr ne      0    0eng d</controlfield><datafield ind1=" " ind2=" " tag="010"><subfield code="a">sn 85026778 </subfield></datafield><datafield ind1=" " ind2=" " tag="040"><subfield code="a">NPX</subfield><subfield code="b">eng</subfield><subfield code="c">NPX</subfield><subfield code="d">DLC</subfield><subfield code="d">NYS</subfield><subfield code="d">OCL</subfield><subfield code="d">OCLCQ</subfield></datafield><datafield ind1=" " ind2=" " tag="042"><subfield code="a">msc</subfield></datafield><datafield ind1=" " ind2=" " tag="043"><subfield code="a">n-us-ny</subfield></datafield><datafield ind1="0" ind2="0" tag="050"><subfield code="a">Newspaper 8829-X</subfield></datafield><datafield ind1="0" ind2="0" tag="245"><subfield code="a">Newport patriot.</subfield></datafield><datafield ind1="1" ind2="3" tag="246"><subfield code="a">Newport patriot and record of the times</subfield><subfield code="f">&lt;1824&gt;</subfield></datafield><datafield ind1=" " ind2=" " tag="260"><subfield code="a">Newport, N.Y. :</subfield><subfield code="b">F. Coudery [i.e. Cowdery]</subfield></datafield><datafield ind1=" " ind2=" " tag="300"><subfield code="a">v. :</subfield><subfield code="b">ill. (chiefly advertisements) ;</subfield><subfield code="c">53 cm.</subfield></datafield><datafield ind1=" " ind2=" " tag="310"><subfield code="a">Weekly</subfield></datafield><datafield ind1="1" ind2=" " tag="362"><subfield code="a">Began with Feb. 9, 1824 issue; ceased in 1825.</subfield><subfield code="z">Cf. French, J.H. Gazetteer of the state of N.Y., 1860.</subfield></datafield><datafield ind1=" " ind2=" " tag="500"><subfield code="a">Sometimes published as: Newport patriot and record of the times, &lt;June 6, 9, July 28, 1824&gt;.</subfield></datafield><datafield ind1=" " ind2=" " tag="500"><subfield code="a">Orleans County was formed from Genesee County, Nov. 11, 1824.</subfield></datafield><datafield ind1=" " ind2=" " tag="500"><subfield code="a">Newport, N.Y. named changed to Albion, N.Y., Apr. 21, 1828.</subfield></datafield><datafield ind1=" " ind2=" " tag="500"><subfield code="a">Editor: Franklin Cowdery, 1824-1825.</subfield></datafield><datafield ind1=" " ind2=" " tag="588"><subfield code="a">Description based on: Vol. 1, no. 5 (Mar. 10, 1824).</subfield></datafield><datafield ind1=" " ind2="0" tag="651"><subfield code="a">Albion (N.Y.)</subfield><subfield code="v">Newspapers.</subfield></datafield><datafield ind1=" " ind2=" " tag="752"><subfield code="a">United States</subfield><subfield code="b">New York</subfield><subfield code="c">Orleans</subfield><subfield code="d">Albion.</subfield></datafield><datafield ind1=" " ind2=" " tag="752"><subfield code="a">United States</subfield><subfield code="b">New York</subfield><subfield code="c">Genesee</subfield><subfield code="d">Newport.</subfield></datafield><datafield ind1="0" ind2="0" tag="785"><subfield code="t">Newport patriot. And, Orleans County recorder</subfield><subfield code="w">(DLC)sn 85026779</subfield></datafield><datafield ind1="1" ind2=" " tag="029"><subfield code="a">AU@</subfield><subfield code="b">000025830647</subfield></datafield></record>